%%
%% Author: s152337
%% 13-8-2018
%%

