% Encoding: UTF-8

@Book{FreySingmaster,
  title     = {Handbook of Cubik Math},
  publisher = {Enslow Pub Inc},
  year      = {1982},
  author    = {Alexander H. Frey and D. Singmaster},
  isbn      = {0-89490-060-9},
  url       = {https://www.amazon.com/Handbook-Cubik-Math-Alexander-Frey/dp/0894900609?SubscriptionId=AKIAIOBINVZYXZQZ2U3A&tag=chimbori05-20&linkCode=xm2&camp=2025&creative=165953&creativeASIN=0894900609},
}

@Book{Hofstadter,
  title     = {Metamagical Themas: Questing for the Essence of Mind and Pattern},
  publisher = {Basic Books},
  year      = {1996},
  author    = {Hofstadter, Douglas},
  isbn      = {0465045669},
  date      = {1996-04-11},
  ean       = {9780465045662},
  pagetotal = {880},
  url       = {https://www.ebook.de/de/product/3597025/douglas_hofstadter_metamagical_themas_questing_for_the_essence_of_mind_and_pattern.html},
}

@online{youcandothecube,
  title        = {You Can Do the Cube},
  url          = {\url{http://lghttp.60951.nexcesscdn.net/80487FB/Downloads/resources/downloads/Rubiks_3x3_Solution_Guide1.pdf}},
}